% Use this file for citations not found in the ACL Anthology (contained in "anthology.bib").

@article{edtbert,
title = {EDTBERT: Event Detection and Tracking in Twitter using Graph Clustering and Pre-trained Language Model},
journal = {Procedia Computer Science},
volume = {233},
pages = {481-491},
year = {2024},
note = {5th International Conference on Innovative Data Communication Technologies and Application (ICIDCA 2024)},
issn = {1877-0509},
doi = {https://doi.org/10.1016/j.procs.2024.03.238},
url = {https://www.sciencedirect.com/science/article/pii/S1877050924005970},
author = {Abhaya Kumar Pradhan and Hrushikesha Mohanty and Rajendra Prasad Lal},
keywords = {Event Detection, Twitter Events, Graph Clustering, BERT Sentence Embeddings, Language Models, MWBGM}
}

@inproceedings{sentence-bert,
  title={Sentence-BERT: Sentence Embeddings using Siamese BERT-Networks},
  author={Nils Reimers and Iryna Gurevych},
  booktitle={Conference on Empirical Methods in Natural Language Processing},
  year={2019},
  url={https://api.semanticscholar.org/CorpusID:201646309}
}

@article{mcl,
author = {Van Dongen, Stijn},
title = {Graph Clustering Via a Discrete Uncoupling Process},
journal = {SIAM Journal on Matrix Analysis and Applications},
volume = {30},
number = {1},
pages = {121-141},
year = {2008},
doi = {10.1137/040608635},
URL = {https://doi.org/10.1137/040608635},
eprint = {https://doi.org/10.1137/040608635}
}

@article{google-flan-t5,
  title={Scaling instruction-finetuned language models},
  author={Chung, Hyung Won and Hou, Le and Longpre, Shayne and Zoph, Barret and Tay, Yi and Fedus, William and Li, Yunxuan and Wang, Xuezhi and Dehghani, Mostafa and Brahma, Siddhartha and others},
  journal={Journal of Machine Learning Research},
  volume={25},
  number={70},
  pages={1--53},
  year={2024}
}

@article{twitter-topic-classification,
  title={Twitter topic classification},
  author={Antypas, Dimosthenis and Ushio, Asahi and Camacho-Collados, Jose and Neves, Leonardo and Silva, Vitor and Barbieri, Francesco},
  journal={arXiv preprint arXiv:2209.09824},
  year={2022}
}

@inproceedings{li2017real,
  title={Real-time novel event detection from social media},
  author={Li, Quanzhi and Nourbakhsh, Armineh and Shah, Sameena and Liu, Xiaomo},
  booktitle={2017 IEEE 33Rd international conference on data engineering (ICDE)},
  pages={1129--1139},
  year={2017},
  organization={IEEE}
}

@inproceedings{becker2011beyond,
  title={Beyond trending topics: Real-world event identification on twitter},
  author={Becker, Hila and Naaman, Mor and Gravano, Luis},
  booktitle={Proceedings of the international AAAI conference on web and social media},
  volume={5},
  pages={438--441},
  year={2011}
}

@article{bert,
  title={Bert: Pre-training of deep bidirectional transformers for language understanding},
  author={Devlin, Jacob},
  journal={arXiv preprint arXiv:1810.04805},
  year={2018}
}

@article{bertweet,
  title={BERTweet: A pre-trained language model for English Tweets},
  author={Nguyen, Dat Quoc and Vu, Thanh and Nguyen, Anh Tuan},
  journal={arXiv preprint arXiv:2005.10200},
  year={2020}
}

@inproceedings{eventbert,
  title={Eventbert: A pre-trained model for event correlation reasoning},
  author={Zhou, Yucheng and Geng, Xiubo and Shen, Tao and Long, Guodong and Jiang, Daxin},
  booktitle={Proceedings of the ACM Web Conference 2022},
  pages={850--859},
  year={2022}
}

@article{kolajo2022real,
  title={Real-time event detection in social media streams through semantic analysis of noisy terms},
  author={Kolajo, Taiwo and Daramola, Olawande and Adebiyi, Ayodele A},
  journal={Journal of Big Data},
  volume={9},
  number={1},
  pages={90},
  year={2022},
  publisher={Springer}
}

@article{singh2024event,
  title={Event detection from real-time twitter streaming data using community detection algorithm},
  author={Singh, Jagrati and Pandey, Digvijay and Singh, Anil Kumar},
  journal={Multimedia Tools and Applications},
  volume={83},
  number={8},
  pages={23437--23464},
  year={2024},
  publisher={Springer}
}

@inproceedings{graphclus,
author = {Manaskasemsak, Bundit and Chinthanet, Bodin and Rungsawang, Arnon},
title = {Graph Clustering-Based Emerging Event Detection from Twitter Data Stream},
year = {2016},
isbn = {9781450347938},
publisher = {Association for Computing Machinery},
address = {New York, NY, USA},
url = {https://doi.org/10.1145/3033288.3033312},
doi = {10.1145/3033288.3033312},
booktitle = {Proceedings of the Fifth International Conference on Network, Communication and Computing},
pages = {37â€“41},
numpages = {5},
keywords = {twitter data stream, tweet graph clustering, microblogging, emerging event detection},
location = {Kyoto, Japan},
series = {ICNCC '16}
}